<record><leader>00000cas a22000007a 4500</leader><controlfield tag="001">27866393</controlfield><controlfield tag="008">930406d19351969scudr ne      0    0eng d</controlfield><datafield ind1=" " ind2=" " tag="010"><subfield code="a">sn 93067664 </subfield></datafield><datafield ind1=" " ind2=" " tag="040"><subfield code="a">SVN</subfield><subfield code="b">eng</subfield><subfield code="c">SVN</subfield><subfield code="d">OCLCQ</subfield></datafield><datafield ind1=" " ind2=" " tag="042"><subfield code="a">msc</subfield></datafield><datafield ind1="0" ind2=" " tag="130"><subfield code="a">Aiken standard and review (Aiken, S.C. : 1935)</subfield></datafield><datafield ind1="1" ind2="0" tag="245"><subfield code="a">Aiken standard and review.</subfield></datafield><datafield ind1=" " ind2=" " tag="260"><subfield code="a">Aiken, S.C. :</subfield><subfield code="b">Aiken Pub. Co.</subfield></datafield><datafield ind1=" " ind2=" " tag="300"><subfield code="a">v.</subfield></datafield><datafield ind1=" " ind2=" " tag="310"><subfield code="a">Daily,</subfield><subfield code="b">Apr. 15, 1952-Dec. 8, 1969</subfield></datafield><datafield ind1=" " ind2=" " tag="321"><subfield code="a">Semiweekly,</subfield><subfield code="b">&lt;Nov. 22, 1935&gt;-Apr. 11, 1952</subfield></datafield><datafield ind1="1" ind2=" " tag="362"><subfield code="a">Began in 1935.</subfield></datafield><datafield ind1="0" ind2=" " tag="362"><subfield code="a">-v. 102, no. 245 (Dec. 8, 1969).</subfield></datafield><datafield ind1=" " ind2=" " tag="588"><subfield code="a">Description based on: Vol. 65, no. 47 (Nov. 22, 1935).</subfield></datafield><datafield ind1=" " ind2="4" tag="651"><subfield code="a">Aiken County (S.C.)</subfield><subfield code="v">Newspapers.</subfield></datafield><datafield ind1=" " ind2=" " tag="752"><subfield code="a">United States</subfield><subfield code="b">South Carolina</subfield><subfield code="c">Aiken</subfield><subfield code="d">Aiken.</subfield></datafield><datafield ind1="0" ind2="4" tag="780"><subfield code="t">Aiken standard and South Carolina gazette</subfield><subfield code="w">(DLC)sn 93067637</subfield></datafield><datafield ind1="0" ind2="4" tag="780"><subfield code="t">Journal and review (Aiken, S.C.)</subfield><subfield code="w">(DLC)sn 84026963</subfield></datafield><datafield ind1="0" ind2="0" tag="785"><subfield code="t">Aiken standard (Aiken, S.C. : 1969)</subfield><subfield code="w">(DLC)sn 87000467</subfield></datafield><datafield ind1="1" ind2=" " tag="029"><subfield code="a">AU@</subfield><subfield code="b">000020746363</subfield></datafield></record>